% Encoding: UTF-8

@Article{hummert2014evolutionary,
  author    = {Hummert, Sabine and Bohl, Katrin and Basanta, David and Deutsch, Andreas and Werner, Sarah and Thei{\ss}en, G{\"u}nter and Schroeter, Anja and Schuster, Stefan},
  title     = {Evolutionary game theory: cells as players},
  journal   = {Molecular BioSystems},
  year      = {2014},
  volume    = {10},
  number    = {12},
  pages     = {3044--3065},
  publisher = {Royal Society of Chemistry},
}

@Article{basanta2012investigating,
  author    = {Basanta, David and Scott, Jacob G and Fishman, Mayer N and Ayala, Gustavo and Hayward, Simon W and Anderson, Alexander RA},
  title     = {Investigating prostate cancer tumour--stroma interactions: clinical and biological insights from an evolutionary game},
  journal   = {British journal of cancer},
  year      = {2012},
  volume    = {106},
  number    = {1},
  pages     = {174--181},
  publisher = {Nature Publishing Group},
}

@Article{dingli2009cancer,
  author    = {Dingli, David and Chalub, FACC and Santos, FC and Van Segbroeck, Sven and Pacheco, JM},
  title     = {Cancer phenotype as the outcome of an evolutionary game between normal and malignant cells},
  journal   = {British journal of cancer},
  year      = {2009},
  volume    = {101},
  number    = {7},
  pages     = {1130--1136},
  publisher = {Nature Publishing Group},
}

@Article{archetti2016cooperation,
  author    = {Archetti, Marco},
  title     = {Cooperation among cancer cells as public goods games on Voronoi networks},
  journal   = {Journal of theoretical biology},
  year      = {2016},
  volume    = {396},
  pages     = {191--203},
  publisher = {Elsevier},
}

@article{archetti2014evolutionary,
  title={Evolutionary dynamics of the Warburg effect: glycolysis as a collective action problem among cancer cells},
  author={Archetti, Marco},
  journal={Journal of theoretical biology},
  volume={341},
  pages={1--8},
  year={2014},
  publisher={Elsevier}
}

@Article{archetti2013evolutionary,
  author    = {Archetti, Marco},
  title     = {Evolutionary game theory of growth factor production: implications for tumour heterogeneity and resistance to therapies},
  journal   = {British journal of cancer},
  year      = {2013},
  volume    = {109},
  number    = {4},
  pages     = {1056--1062},
  publisher = {Nature Publishing Group},
}

@Misc{wiki:gametheory,
  author = {Wikipedia},
  title  = {Game Theory --- {W}ikipedia{,} The Free Encyclopedia},
  year   = {2017},
  note   = {[Online; accessed 18-April-2017]},
  url    = {https://hu.wikipedia.org/wiki/J%C3%A1t%C3%A9kelm%C3%A9let},
}

@Misc{wiki:websocket,
  author = {Web{S}ocket},
  title  = {Game Theory --- {W}ikipedia{,} The Free Encyclopedia},
  year   = {2017},
  note   = {[Online; accessed 18-April-2017]},
  url    = {https://hu.wikipedia.org/wiki/WebSocket},
}

@Article{nowak2004evolutionary,
  author    = {Nowak, Martin A and Sigmund, Karl},
  title     = {Evolutionary dynamics of biological games},
  journal   = {science},
  year      = {2004},
  volume    = {303},
  number    = {5659},
  pages     = {793--799},
  publisher = {American Association for the Advancement of Science},
}

@Unpublished{BMEbevezetes,
  author = {Simonovits, András},
  title  = {Bevezetés a játékelméletbe: vázlat},
  note   = {MTA Közgazdaságtudományi Kutatóközpont},
  year   = {2007},
}

@Article{dumitrescu2012pareto,
  author  = {DUMITRESCU, D},
  title   = {Pareto-optimal Nash equilibrium detection using an evolutionary approach},
  journal = {Acta Univ. Sapientiae},
  year    = {2012},
  volume  = {4},
  number  = {2},
  pages   = {237--246},
}

@Article{nash1951non,
  author    = {Nash, John},
  title     = {Non-cooperative games},
  journal   = {Annals of mathematics},
  year      = {1951},
  pages     = {286--295},
  publisher = {JSTOR},
}

@Misc{wiki:gompertz,
  author = {Wikipedia},
  title  = {Gompertz function --- {W}ikipedia{,} The Free Encyclopedia},
  year   = {2017},
  note   = {[Online; accessed 22-April-2017]},
  url    = {https://en.wikipedia.org/wiki/Gompertz_function},
}

@Article{archetti2015heterogeneity,
  author    = {Archetti, Marco and Ferraro, Daniela A and Christofori, Gerhard},
  title     = {Heterogeneity for IGF-II production maintained by public goods dynamics in neuroendocrine pancreatic cancer},
  journal   = {Proceedings of the National Academy of Sciences},
  year      = {2015},
  volume    = {112},
  number    = {6},
  pages     = {1833--1838},
  publisher = {National Acad Sciences},
}

@book{book:egt,
  author    = {David Easley and Jon Kleinberg}, 
  title     = {Networks, Crowds, and Markets: Reasoning About a Highly Connected World},
  publisher = {Cambridge University Press},
  year      = 2010,
}

@Misc{soft:voronoiModule,
  author = {Raymond Hill},
  title  = {Javascript implementation of Steven Fortune's algorithm to compute Voronoi diagrams},
  year   = {2013},
  howpublished  = "\url{https://github.com/gorhill/Javascript-Voronoi}",
}

@Misc{soft:bootstrap,
  title  = {Bootstrap},
  note   = {[Online; accessed 23-April-2017]},
  howpublished  = "\url{http://getbootstrap.com/}",
}

@Misc{soft:angular,
  title  = {Angular{JS}},
  note   = {[Online; accessed 23-April-2017]},
  howpublished  = "\url{https://angularjs.org/}",
}
@Misc{soft:highcharts,
  title  = {Highcharts},
  note   = {[Online; accessed 23-April-2017]},
  howpublished  = "\url{https://www.highcharts.com/}",
}
@Misc{soft:plotly,
  title  = {Plotly{JS}},
  note   = {[Online; accessed 23-April-2017]},
  howpublished  = "\url{https://plot.ly/feed/}",
}
@Misc{soft:paper,
  title  = {Paper{JS}},
  note   = {[Online; accessed 23-April-2017]},
  howpublished  = "\url{http://paperjs.org/}",
}
@Misc{soft:node,
  title  = {Node{JS}},
  note   = {[Online; accessed 23-April-2017]},
  howpublished  = "\url{https://nodejs.org/en/}",
}
@Misc{soft:express,
  title  = {Express{JS}},
  note   = {[Online; accessed 23-April-2017]},
  howpublished  = "\url{https://expressjs.com/}",
}
@Misc{soft:docker,
  title  = {Docker},
  note   = {[Online; accessed 23-April-2017]},
  howpublished  = "\url{https://www.docker.com/}",
}
@Misc{soft:travis,
  title  = {Travis {CI}},
  note   = {[Online; accessed 23-April-2017]},
  howpublished  = "\url{https://travis-ci.org/}",
}
@Misc{soft:mocha,
  title  = {Mocha},
  note   = {[Online; accessed 23-April-2017]},
  howpublished  = "\url{https://mochajs.org/}",
}
@Misc{soft:testcafe,
  title  = {Test{C}afe},
  note   = {[Online; accessed 23-April-2017]},
  howpublished  = "\url{https://testcafe.devexpress.com/}",
}

@Misc{soft:mongodb,
  title  = {Mongo{DB}},
  note   = {[Online; accessed 23-April-2017]},
  howpublished  = "\url{https://www.mongodb.com/}",
}

@Comment{jabref-meta: databaseType:bibtex;}
